<?xml version="1.0" encoding="utf-8"?>
<record xmlns="http://www.loc.gov/MARC21/slim" xmlns:xsi="http://www.w3.org/2001/XMLSchema-instance" xsi:schemaLocation="http://www.loc.gov/MARC21/slim http://www.loc.gov/standards/marcxml/schema/MARC21slim.xsd">
	<leader>     nam a22     Mi 4500</leader>
	<controlfield tag="001">648214</controlfield>
	<controlfield tag="003">NNC</controlfield>
	<controlfield tag="006">m        d        </controlfield>
	<controlfield tag="007">cr cn |||m|||a</controlfield>
	<controlfield tag="008">190513s1897    ua      o     000 0 ara d</controlfield>
	<datafield ind1=" " ind2=" " tag="040">
		<subfield code="a">ZYU</subfield>
		<subfield code="b">ara</subfield>
		<subfield code="e">rda</subfield>
		<subfield code="c">ZYU</subfield>
	</datafield>
	<datafield ind1="1" ind2=" " tag="100">
		<subfield code="6">880-01</subfield>
		<subfield code="a">Anbābī, Muḥammad ibn Muḥammad,</subfield>
		<subfield code="d">1824 or 1825-1895 or 1896.</subfield>
	</datafield>
	<datafield ind1="1" ind2="0" tag="245">
		<subfield code="6">880-02</subfield>
		<subfield code="a">Ḥāshiyat al-ʻālim al-ʻāmil wa-al-ḥabr al-baḥr al-fāḍil al-kāmil ʻayn aʻyān akābir al-ʻulamāʼ wa-ustādh al-asātidhah al-kamlah al-najbāʼ ustādhanā shams mashāyikh al-Islām al-shaykh Muḥammad al-Anbābī bawwaʼahu Allāh dār al-salām bi-salām ʻalá risālat al-ʻallāmah al-shaykh Muḥammad al-Ṣabbān fī ʻilm al-bayān :</subfield>
		<subfield code="b">wa-bi-hāmishihā al-risālah al-madhkūrah.</subfield>
	</datafield>
	<datafield ind1=" " ind2=" " tag="260">
		<subfield code="6">880-03</subfield>
		<subfield code="a">Būlāq :</subfield>
		<subfield code="b">al-Maṭbaʻah al-Amīrīyah,</subfield>
		<subfield code="c">1315 [1897]</subfield>
	</datafield>
	<datafield ind1=" " ind2=" " tag="300">
		<subfield code="a">online resource (512 pages)</subfield>
	</datafield>
	<datafield ind1=" " ind2=" " tag="336">
		<subfield code="a">text</subfield>
		<subfield code="2">rdacontent</subfield>
	</datafield>
	<datafield ind1=" " ind2=" " tag="337">
		<subfield code="a">computer</subfield>
		<subfield code="2">rdamedia</subfield>
	</datafield>
	<datafield ind1=" " ind2=" " tag="338">
		<subfield code="a">online resource</subfield>
		<subfield code="2">rdacarrier</subfield>
	</datafield>
	<datafield ind1=" " ind2=" " tag="500">
		<subfield code="a">Part of the Arabic Collections Online (ACO) project, contributed by Columbia University Libraries.</subfield>
	</datafield>
	<datafield ind1=" " ind2=" " tag="533">
		<subfield code="a">Electronic reproduction.</subfield>
		<subfield code="b">New York, N.Y. :</subfield>
		<subfield code="c">New York University,</subfield>
		<subfield code="d">2019.</subfield>
		<subfield code="5">NNU</subfield>
	</datafield>
	<datafield ind1="2" ind2=" " tag="710">
		<subfield code="a">Columbia University.</subfield>
		<subfield code="b">Libraries.</subfield>
	</datafield>
	<datafield ind1="0" ind2=" " tag="730">
		<subfield code="a">Arabic Collections Online.</subfield>
	</datafield>
	<datafield ind1="0" ind2="8" tag="776">
		<subfield code="i">Online version:</subfield>
		<subfield code="a">Anbabi, Muhammad.</subfield>
		<subfield code="t">Hashiyat Muhammad al-Anbabi ʻala risalat Muhammad al-Sabban fi ʻilm al-bayan.</subfield>
		<subfield code="d">Bulaq : al-Matbaʻah al-Amiriyah, 1315 [1897]</subfield>
		<subfield code="w">(OCoLC)654022133</subfield>
	</datafield>
	<datafield ind1="0" ind2="8" tag="776">
		<subfield code="i">Print version:</subfield>
		<subfield code="a">Anbābī, Muḥammad ibn Muḥammad, 1824 or 1825-1895 or 1896.</subfield>
		<subfield code="t">Ḥāshiyat al-ʻālim al-ʻāmil wa-al-ḥabr al-baḥr al-fāḍil al-kāmil ʻayn aʻyān akābir al-ʻulamāʼ wa-ustādh al-asātidhah al-kamlah al-najbāʼ ustādhanā shams mashāyikh al-Islām al-shaykh Muḥammad al-Anbābī bawwaʼahu Allāh dār al-salām bi-salām ʻalá risālat al-ʻallāmah al-shaykh Muḥammad al-Ṣabbān fī ʻilm al-bayān</subfield>
		<subfield code="w">(NNC)648214</subfield>
		<subfield code="w">(OCoLC)60601325</subfield>
	</datafield>
	<datafield ind1="4" ind2="0" tag="856">
		<subfield code="u">http://hdl.handle.net/2333.1/pg4f503f</subfield>
	</datafield>
	<datafield ind1="1" ind2=" " tag="880">
		<subfield code="6">100-01</subfield>
		<subfield code="a">انبابي، محمد بن محمد،</subfield>
		<subfield code="d">1824 or 1825-1895 or 1896.</subfield>
	</datafield>
	<datafield ind1="1" ind2="0" tag="880">
		<subfield code="6">245-02</subfield>
		<subfield code="a">حاشية العالم العامل والحبر البحر الفاضل الكامل عين أعيان أكابر العلماء وأستاذ الاساتذة الكملة النجباء أستاذنا شمس مشايخ الاسلام الشيخ محمد الانبابي بوأه الله دار السلام بسلام على رسالة العلامة الشيخ محمد الصبان في علم البيان :</subfield>
		<subfield code="b">وبهامشها الرسالة المذكورة.</subfield>
	</datafield>
	<datafield ind1=" " ind2=" " tag="880">
		<subfield code="6">260-03</subfield>
		<subfield code="a">بولاق :</subfield>
		<subfield code="b">المطبعة الاميرية،</subfield>
		<subfield code="c">1315 [1897]</subfield>
	</datafield>
	<datafield ind1=" " ind2=" " tag="959">
		<subfield code="a">NNU</subfield>
		<subfield code="b">WEB</subfield>
		<subfield code="c">GENI</subfield>
		<subfield code="t">0</subfield>
		<subfield code="m">Electronic access</subfield>
		<subfield code="s">01</subfield>
	</datafield>
	<datafield ind1=" " ind2=" " tag="999">
		<subfield code="i">NNC_648214</subfield>
		<subfield code="o">(OCoLC)ocm60601325</subfield>
		<subfield code="s">columbia_aco003535</subfield>
		<subfield code="e">(ERROR-MISC)</subfield>
		<subfield code="s">columbia_aco003535</subfield>
	</datafield>
</record>
